@inproceedings{Mhaskar17,
    author  = "Hrushikesh Mhaskar, Qianli Liao, Tomaso Poggio",
    title   = "When and {W}hy {A}re {D}eep {N}etworks {B}etter than {S}hallow {O}nes",
    year    = "2017",
    booktitle = {Proceedings of the Thirty-First AAAI Conference on Artificial Intelligence (AAAI-17)},
    pages = {2343-2349} 
}
